@Comment А вот так оформляется библиография при помощи BibTeX.

@Article{static-data-race-analysis-for-c,
  author = {Vesal Vojdani},
  title = {Static Data Race Analysis for C},
  language = "english"
}

