@Article{Kovega,
  author = {Ковега Д.Н., Крищенко В.А.},
  title = {Использование системы LLVM при динамическом поиске состояний гонок в программах.},
  journal = {Инженерный журнал: наука и инновации.},
  year = {2013},
  language = "russian",
  url = {http://engjournal.ru/catalog/it/hidden/549.html}
}

@Article{Kropacheva,
  author = {{Кропачева М.С.}},
  title = {Формальная верификация параллельных программ.},
  journal = {Исследования наукограда.},
  year = {2012},
  number = {2(2)},
  pages = {35--38},
  language = "russian"
}

@Book{Peled,
  author = {Пелед Д., Грамберг О., Кларк Э.М.},
  title = {Верификация моделей программ},
  year = {2002},
  language = "russian"
}

@Inproceedings{Bootstrapping,
  author = {Kahlon V.},
  title = {Bootstrapping: a technique for scalable flow and context-sensitive pointer alias analysis.},
  booktitle = {Proceeding of the Proceedings of the 2008 ACM SIGPLAN conference on Programming language design and implementation},
  year = {2008},
  pages = {249--259},
  doi = {10.1145/1375581.1375613}
}

@Inproceedings{Steensgaard,
  author = {Steensgaard B.},
  title = {Points-to analysis in almost linear time.},
  booktitle = {Proceeding of the POPL '96 Proceedings of the 23rd ACM SIGPLAN-SIGACT symposium on Principles of programming languages},
  year = {1996},
  pages = {32--41},
  doi = {10.1145/237721.237727}
}

@Phdthesis{Vojdani,
  author = {Vojdani V.},
  title = {Static Data Race Analysis of Heap-Manipulating C Programs},
  year = {2010},
  volume = {64},
  school = {University of Tartu}
}

@Inproceedings{Relay,
  author = {Voung J.W., Jhala R., Lerner S.},
  title = {RELAY: static race detection on millions of lines of code.},
  booktitle = {Proceedings of the 6th joint meeting of the European software engineering conference and the ACM SIGSOFT symposium on The foundations of software engineering},
  year = {2007},
  pages = {205--214},
  doi = {10.1145/1287624.1287654}
}
